@inbook{enigma-1,
	author="Шолин~И.М. ",
	title="Алгоритм переносной шифровальной машины энигма",
	publisher="--- Кубанский государственный технологический университет",
	language="russian"
}


@misc{cpp,
	title ={Язык программирования C++},
	howpublished = {\url{https://learn.microsoft.com/en-us/cpp/cpp/cpp-language-reference?view=msvc-170}},
	year = {дата обращения: 15.10.2023}
}

@misc{clion,
	title ={CLion},
	howpublished = {\url{jetbrains.com}},
	year = {дата обращения: 15.10.2023}
}
